@ARTICLE{astra01,
author = {{Conradi, Reinard}},
title = {ASTRA: Awareness Services and Systems - Towards Theory and Realization},
journal = {http://www.idi.ntnu.no/grupper/su/astra.html},
year = {2006}
}

@ARTICLE{astra02,
author = {{Calemis, Ioannis} and {Mavrommati, Irene}},
title = {Preliminary requirements and approach for Tools that configure pervasive awareness applications: the ASTRA case},
journal = {http://www.astra-project.net},
year = {2007}
}

@BOOK{interfaces05,
author = {{Gallego, Micael} and {Montalvo, Soto}},
title = {Interfaces gr\'{a}ficas en Java},
publisher = {Centro de estudios Ram\'{o}n Areces},
year = {2005}
}

@BOOK{osgi09,
author = {{Bartlett, Neil}},
title = {OSGi in practice},
publisher = {CC-E-books},
year = {2009}
}

@BOOK{interaction07,
author = {{Preece, Jenhy}, {Rogers, Yvonne} and {Sharp, Helen}},
title = {Interaction design: beyond human-computer interaction (2nd edition)},
publisher = {Wiley},
year = {2007}
}

@ARTICLE{mvc-java,
author = {{Lybarger, Rob}},
title = {MVC in a Java/Swing Application},
journal = {http://www.developer.com/design/article.php/3678856},
year = {2007}
}

@ARTICLE{osgi-tutorial,
author = {{Haiges, Sven}},
title = {OSGi Tutorial},
journal = {http://www.knopflerfish.org/tutorials/},
year = {2004}
}

@ARTICLE{astra-repo,
author = {{Divitini, Monica} , {P\'{e}rez, Alfredo} and {Cassens, J\"{o}rg}},
title = {Design and evaluation of a repository for sharing pervasive awareness applications},
journal = {http://www.astra-project.net},
year = {2009}
}

@ARTICLE{astra-soa-white-paper,
author = {{Berg, Erik}, {Calemis, Ioannis} and {P\'{e}rez, Alfredo}},
title = {ASTRA SOA White Paper},
journal = {http://www.astra-project.net},
year = {2009}
}

@ARTICLE{soa-principles,
author = {{McCabe, Francis G.}, },
title = {Reference Architecture for Service Oriented Architecture},
journal = {http://docs.oasis-open.org/},
year = {2008}
}

@ARTICLE{w3c-soap-spec,
author = {{Le H\'{e}garet, Philippe}, },
title = {The W3C Document Object Model (DOM)},
journal = {W3C},
year = {2002}
}

@ARTICLE{agile-manifesto,
author = {{Beck, Kevin}, {Beedle, Mike} and {others},},
title = {The Agile Manifesto},
journal = {http://agilemanifesto.org/},
year = {2001}
}

@ARTICLE{agile-paper,
author = {{Sanjay, Addicam V.},},
title = {Overview of Agile Management and Development Methods},
journal = {The PROJECT PERFECT White Paper Collection},
year = {2005}
}

@ARTICLE{swing-concurrency,
author = {{Sun Microsystems},},
title = {Java tutorials: Concurrency in Swing},
journal = {http://java.sun.com/docs/books/tutorial/uiswing/concurrency/},
year = {2008}
}


@ARTICLE{lucene-scoring-formula,
author = {{Apache Lucene Team},},
title = {Formula for scoring in Lucene},
journal = {http://lucene.apache.org/java/240/api/org/apache/lucene/search/Similarity.html},
year = {2008}
}

@ARTICLE{lucene-scoring-explanation,
author = {{Apache Lucene Team},},
title = {Understanding scoring in Lucene},
journal = {http://lucene.apache.org/java/240/scoring.html},
year = {2008}
}


